@article{mohammad2017devops,
  title={DevOps automation and Agile methodology},
  author={Mohammad, Sikender Mohsienuddin},
  journal={International Journal of Creative Research Thoughts (IJCRT), ISSN},
  pages={2320--2882},
  year={2017}
}

@inproceedings{diel2016communication,
  title={Communication challenges and strategies in distributed DevOps},
  author={Diel, Elisa and Marczak, Sabrina and Cruzes, Daniela S},
  booktitle={2016 IEEE 11th International Conference on Global Software Engineering (ICGSE)},
  pages={24--28},
  year={2016},
  organization={IEEE}
}

@article{zolkifli2018version,
  title={Version control system: A review},
  author={Zolkifli, Nazatul Nurlisa and Ngah, Amir and Deraman, Aziz},
  journal={Procedia Computer Science},
  volume={135},
  pages={408--415},
  year={2018},
  publisher={Elsevier}
}

@inproceedings{rodriguez2012distributed,
  title={How distributed version control systems impact open source software projects},
  author={Rodr{\'\i}guez-Bustos, Christian and Aponte, Jairo},
  booktitle={2012 9th IEEE Working Conference on Mining Software Repositories (MSR)},
  pages={36--39},
  year={2012},
  organization={IEEE}
}

